%YAML 1.1
%TAG !u! tag:unity3d.com,2011:
--- !u!29 &1
OcclusionCullingSettings:
  m_ObjectHideFlags: 0
  serializedVersion: 2
  m_OcclusionBakeSettings:
    smallestOccluder: 5
    smallestHole: 0.25
    backfaceThreshold: 100
  m_SceneGUID: 00000000000000000000000000000000
  m_OcclusionCullingData: {fileID: 0}
--- !u!104 &2
RenderSettings:
  m_ObjectHideFlags: 0
  serializedVersion: 9
  m_Fog: 0
  m_FogColor: {r: 0.5, g: 0.5, b: 0.5, a: 1}
  m_FogMode: 3
  m_FogDensity: 0.01
  m_LinearFogStart: 0
  m_LinearFogEnd: 300
  m_AmbientSkyColor: {r: 0.212, g: 0.227, b: 0.259, a: 1}
  m_AmbientEquatorColor: {r: 0.114, g: 0.125, b: 0.133, a: 1}
  m_AmbientGroundColor: {r: 0.047, g: 0.043, b: 0.035, a: 1}
  m_AmbientIntensity: 1
  m_AmbientMode: 3
  m_SubtractiveShadowColor: {r: 0.42, g: 0.478, b: 0.627, a: 1}
  m_SkyboxMaterial: {fileID: 0}
  m_HaloStrength: 0.5
  m_FlareStrength: 1
  m_FlareFadeSpeed: 3
  m_HaloTexture: {fileID: 0}
  m_SpotCookie: {fileID: 10001, guid: 0000000000000000e000000000000000, type: 0}
  m_DefaultReflectionMode: 0
  m_DefaultReflectionResolution: 128
  m_ReflectionBounces: 1
  m_ReflectionIntensity: 1
  m_CustomReflection: {fileID: 0}
  m_Sun: {fileID: 0}
  m_IndirectSpecularColor: {r: 0, g: 0, b: 0, a: 1}
  m_UseRadianceAmbientProbe: 0
--- !u!157 &3
LightmapSettings:
  m_ObjectHideFlags: 0
  serializedVersion: 12
  m_GIWorkflowMode: 1
  m_GISettings:
    serializedVersion: 2
    m_BounceScale: 1
    m_IndirectOutputScale: 1
    m_AlbedoBoost: 1
    m_EnvironmentLightingMode: 0
    m_EnableBakedLightmaps: 0
    m_EnableRealtimeLightmaps: 0
  m_LightmapEditorSettings:
    serializedVersion: 12
    m_Resolution: 2
    m_BakeResolution: 40
    m_AtlasSize: 1024
    m_AO: 0
    m_AOMaxDistance: 1
    m_CompAOExponent: 1
    m_CompAOExponentDirect: 0
    m_ExtractAmbientOcclusion: 0
    m_Padding: 2
    m_LightmapParameters: {fileID: 0}
    m_LightmapsBakeMode: 1
    m_TextureCompression: 1
    m_FinalGather: 0
    m_FinalGatherFiltering: 1
    m_FinalGatherRayCount: 256
    m_ReflectionCompression: 2
    m_MixedBakeMode: 2
    m_BakeBackend: 1
    m_PVRSampling: 1
    m_PVRDirectSampleCount: 32
    m_PVRSampleCount: 512
    m_PVRBounces: 2
    m_PVREnvironmentSampleCount: 256
    m_PVREnvironmentReferencePointCount: 2048
    m_PVRFilteringMode: 1
    m_PVRDenoiserTypeDirect: 1
    m_PVRDenoiserTypeIndirect: 1
    m_PVRDenoiserTypeAO: 1
    m_PVRFilterTypeDirect: 0
    m_PVRFilterTypeIndirect: 0
    m_PVRFilterTypeAO: 0
    m_PVREnvironmentMIS: 1
    m_PVRCulling: 1
    m_PVRFilteringGaussRadiusDirect: 1
    m_PVRFilteringGaussRadiusIndirect: 5
    m_PVRFilteringGaussRadiusAO: 2
    m_PVRFilteringAtrousPositionSigmaDirect: 0.5
    m_PVRFilteringAtrousPositionSigmaIndirect: 2
    m_PVRFilteringAtrousPositionSigmaAO: 1
    m_ExportTrainingData: 0
    m_TrainingDataDestination: TrainingData
    m_LightProbeSampleCountMultiplier: 4
  m_LightingDataAsset: {fileID: 0}
  m_LightingSettings: {fileID: 0}
--- !u!196 &4
NavMeshSettings:
  serializedVersion: 2
  m_ObjectHideFlags: 0
  m_BuildSettings:
    serializedVersion: 2
    agentTypeID: 0
    agentRadius: 0.5
    agentHeight: 2
    agentSlope: 45
    agentClimb: 0.4
    ledgeDropHeight: 0
    maxJumpAcrossDistance: 0
    minRegionArea: 2
    manualCellSize: 0
    cellSize: 0.16666667
    manualTileSize: 0
    tileSize: 256
    accuratePlacement: 0
    maxJobWorkers: 0
    preserveTilesOutsideBounds: 0
    debug:
      m_Flags: 0
  m_NavMeshData: {fileID: 0}
--- !u!1001 &52503771
PrefabInstance:
  m_ObjectHideFlags: 0
  serializedVersion: 2
  m_Modification:
    m_TransformParent: {fileID: 0}
    m_Modifications:
    - target: {fileID: 2054146529133969217, guid: 19d756a20d7a5b24aba0843dd6509570,
        type: 3}
      propertyPath: m_Name
      value: EnvironmentAdvanced (15)
      objectReference: {fileID: 0}
    - target: {fileID: 2054146529133969217, guid: 19d756a20d7a5b24aba0843dd6509570,
        type: 3}
      propertyPath: m_IsActive
      value: 0
      objectReference: {fileID: 0}
    - target: {fileID: 2054146529133969218, guid: 19d756a20d7a5b24aba0843dd6509570,
        type: 3}
      propertyPath: m_RootOrder
      value: 16
      objectReference: {fileID: 0}
    - target: {fileID: 2054146529133969218, guid: 19d756a20d7a5b24aba0843dd6509570,
        type: 3}
      propertyPath: m_LocalPosition.x
      value: 242
      objectReference: {fileID: 0}
    - target: {fileID: 2054146529133969218, guid: 19d756a20d7a5b24aba0843dd6509570,
        type: 3}
      propertyPath: m_LocalPosition.y
      value: -175
      objectReference: {fileID: 0}
    - target: {fileID: 2054146529133969218, guid: 19d756a20d7a5b24aba0843dd6509570,
        type: 3}
      propertyPath: m_LocalPosition.z
      value: 0
      objectReference: {fileID: 0}
    - target: {fileID: 2054146529133969218, guid: 19d756a20d7a5b24aba0843dd6509570,
        type: 3}
      propertyPath: m_LocalRotation.w
      value: 1
      objectReference: {fileID: 0}
    - target: {fileID: 2054146529133969218, guid: 19d756a20d7a5b24aba0843dd6509570,
        type: 3}
      propertyPath: m_LocalRotation.x
      value: 0
      objectReference: {fileID: 0}
    - target: {fileID: 2054146529133969218, guid: 19d756a20d7a5b24aba0843dd6509570,
        type: 3}
      propertyPath: m_LocalRotation.y
      value: 0
      objectReference: {fileID: 0}
    - target: {fileID: 2054146529133969218, guid: 19d756a20d7a5b24aba0843dd6509570,
        type: 3}
      propertyPath: m_LocalRotation.z
      value: 0
      objectReference: {fileID: 0}
    - target: {fileID: 2054146529133969218, guid: 19d756a20d7a5b24aba0843dd6509570,
        type: 3}
      propertyPath: m_LocalEulerAnglesHint.x
      value: 0
      objectReference: {fileID: 0}
    - target: {fileID: 2054146529133969218, guid: 19d756a20d7a5b24aba0843dd6509570,
        type: 3}
      propertyPath: m_LocalEulerAnglesHint.y
      value: 0
      objectReference: {fileID: 0}
    - target: {fileID: 2054146529133969218, guid: 19d756a20d7a5b24aba0843dd6509570,
        type: 3}
      propertyPath: m_LocalEulerAnglesHint.z
      value: 0
      objectReference: {fileID: 0}
    m_RemovedComponents: []
  m_SourcePrefab: {fileID: 100100000, guid: 19d756a20d7a5b24aba0843dd6509570, type: 3}
--- !u!1001 &64269806
PrefabInstance:
  m_ObjectHideFlags: 0
  serializedVersion: 2
  m_Modification:
    m_TransformParent: {fileID: 2054146530481431209}
    m_Modifications:
    - target: {fileID: 7966377069257013657, guid: 365ccd320bed13e429f7e397bef1ae32,
        type: 3}
      propertyPath: cam
      value: 
      objectReference: {fileID: 714155782}
    - target: {fileID: 7966377069257013657, guid: 365ccd320bed13e429f7e397bef1ae32,
        type: 3}
      propertyPath: agent
      value: 
      objectReference: {fileID: 1452288411}
    - target: {fileID: 7966377069257013662, guid: 365ccd320bed13e429f7e397bef1ae32,
        type: 3}
      propertyPath: m_Sprite
      value: 
      objectReference: {fileID: 21300000, guid: a0340497df54e4944b840c28a8a1fd4d,
        type: 3}
    - target: {fileID: 7966377069262476108, guid: 365ccd320bed13e429f7e397bef1ae32,
        type: 3}
      propertyPath: cam
      value: 
      objectReference: {fileID: 714155782}
    - target: {fileID: 7966377069262476108, guid: 365ccd320bed13e429f7e397bef1ae32,
        type: 3}
      propertyPath: agent
      value: 
      objectReference: {fileID: 1452288411}
    - target: {fileID: 7966377069262476110, guid: 365ccd320bed13e429f7e397bef1ae32,
        type: 3}
      propertyPath: m_Sprite
      value: 
      objectReference: {fileID: 21300000, guid: 7225af76145affe448d9d957ec97fde3,
        type: 3}
    - target: {fileID: 7966377069312230850, guid: 365ccd320bed13e429f7e397bef1ae32,
        type: 3}
      propertyPath: m_Sprite
      value: 
      objectReference: {fileID: 21300000, guid: 924c7cd73e1fb80458f6da4cbd4bf514,
        type: 3}
    - target: {fileID: 7966377069312230851, guid: 365ccd320bed13e429f7e397bef1ae32,
        type: 3}
      propertyPath: m_LocalPosition.z
      value: 26
      objectReference: {fileID: 0}
    - target: {fileID: 7966377069312230909, guid: 365ccd320bed13e429f7e397bef1ae32,
        type: 3}
      propertyPath: cam
      value: 
      objectReference: {fileID: 714155782}
    - target: {fileID: 7966377069312230909, guid: 365ccd320bed13e429f7e397bef1ae32,
        type: 3}
      propertyPath: agent
      value: 
      objectReference: {fileID: 1452288411}
    - target: {fileID: 7966377069623404805, guid: 365ccd320bed13e429f7e397bef1ae32,
        type: 3}
      propertyPath: cam
      value: 
      objectReference: {fileID: 714155782}
    - target: {fileID: 7966377069623404805, guid: 365ccd320bed13e429f7e397bef1ae32,
        type: 3}
      propertyPath: agent
      value: 
      objectReference: {fileID: 1452288411}
    - target: {fileID: 7966377069623404810, guid: 365ccd320bed13e429f7e397bef1ae32,
        type: 3}
      propertyPath: m_Size.x
      value: 46.08
      objectReference: {fileID: 0}
    - target: {fileID: 7966377069623404810, guid: 365ccd320bed13e429f7e397bef1ae32,
        type: 3}
      propertyPath: m_Sprite
      value: 
      objectReference: {fileID: 21300000, guid: ea37741eee0728f4c9cbd8c15c684e91,
        type: 3}
    - target: {fileID: 7966377069623404811, guid: 365ccd320bed13e429f7e397bef1ae32,
        type: 3}
      propertyPath: m_LocalPosition.z
      value: 20
      objectReference: {fileID: 0}
    - target: {fileID: 7966377070440540860, guid: 365ccd320bed13e429f7e397bef1ae32,
        type: 3}
      propertyPath: cam
      value: 
      objectReference: {fileID: 714155782}
    - target: {fileID: 7966377070440540860, guid: 365ccd320bed13e429f7e397bef1ae32,
        type: 3}
      propertyPath: agent
      value: 
      objectReference: {fileID: 1452288411}
    - target: {fileID: 7966377070440540861, guid: 365ccd320bed13e429f7e397bef1ae32,
        type: 3}
      propertyPath: m_Sprite
      value: 
      objectReference: {fileID: 21300000, guid: 5f54edfc6ef4c99439cf73310ade0a73,
        type: 3}
    - target: {fileID: 7966377070488260410, guid: 365ccd320bed13e429f7e397bef1ae32,
        type: 3}
      propertyPath: m_Name
      value: BackgroundCity
      objectReference: {fileID: 0}
    - target: {fileID: 7966377070488260411, guid: 365ccd320bed13e429f7e397bef1ae32,
        type: 3}
      propertyPath: m_RootOrder
      value: 11
      objectReference: {fileID: 0}
    - target: {fileID: 7966377070488260411, guid: 365ccd320bed13e429f7e397bef1ae32,
        type: 3}
      propertyPath: m_LocalPosition.x
      value: 0
      objectReference: {fileID: 0}
    - target: {fileID: 7966377070488260411, guid: 365ccd320bed13e429f7e397bef1ae32,
        type: 3}
      propertyPath: m_LocalPosition.y
      value: 0
      objectReference: {fileID: 0}
    - target: {fileID: 7966377070488260411, guid: 365ccd320bed13e429f7e397bef1ae32,
        type: 3}
      propertyPath: m_LocalPosition.z
      value: 0
      objectReference: {fileID: 0}
    - target: {fileID: 7966377070488260411, guid: 365ccd320bed13e429f7e397bef1ae32,
        type: 3}
      propertyPath: m_LocalRotation.w
      value: 1
      objectReference: {fileID: 0}
    - target: {fileID: 7966377070488260411, guid: 365ccd320bed13e429f7e397bef1ae32,
        type: 3}
      propertyPath: m_LocalRotation.x
      value: -0
      objectReference: {fileID: 0}
    - target: {fileID: 7966377070488260411, guid: 365ccd320bed13e429f7e397bef1ae32,
        type: 3}
      propertyPath: m_LocalRotation.y
      value: -0
      objectReference: {fileID: 0}
    - target: {fileID: 7966377070488260411, guid: 365ccd320bed13e429f7e397bef1ae32,
        type: 3}
      propertyPath: m_LocalRotation.z
      value: -0
      objectReference: {fileID: 0}
    - target: {fileID: 7966377070488260411, guid: 365ccd320bed13e429f7e397bef1ae32,
        type: 3}
      propertyPath: m_LocalEulerAnglesHint.x
      value: 0
      objectReference: {fileID: 0}
    - target: {fileID: 7966377070488260411, guid: 365ccd320bed13e429f7e397bef1ae32,
        type: 3}
      propertyPath: m_LocalEulerAnglesHint.y
      value: 0
      objectReference: {fileID: 0}
    - target: {fileID: 7966377070488260411, guid: 365ccd320bed13e429f7e397bef1ae32,
        type: 3}
      propertyPath: m_LocalEulerAnglesHint.z
      value: 0
      objectReference: {fileID: 0}
    m_RemovedComponents: []
  m_SourcePrefab: {fileID: 100100000, guid: 365ccd320bed13e429f7e397bef1ae32, type: 3}
--- !u!4 &64269807 stripped
Transform:
  m_CorrespondingSourceObject: {fileID: 7966377070488260411, guid: 365ccd320bed13e429f7e397bef1ae32,
    type: 3}
  m_PrefabInstance: {fileID: 64269806}
  m_PrefabAsset: {fileID: 0}
--- !u!1001 &81806207
PrefabInstance:
  m_ObjectHideFlags: 0
  serializedVersion: 2
  m_Modification:
    m_TransformParent: {fileID: 0}
    m_Modifications:
    - target: {fileID: 2054146529133969217, guid: 19d756a20d7a5b24aba0843dd6509570,
        type: 3}
      propertyPath: m_Name
      value: EnvironmentAdvanced (6)
      objectReference: {fileID: 0}
    - target: {fileID: 2054146529133969217, guid: 19d756a20d7a5b24aba0843dd6509570,
        type: 3}
      propertyPath: m_IsActive
      value: 0
      objectReference: {fileID: 0}
    - target: {fileID: 2054146529133969218, guid: 19d756a20d7a5b24aba0843dd6509570,
        type: 3}
      propertyPath: m_RootOrder
      value: 7
      objectReference: {fileID: 0}
    - target: {fileID: 2054146529133969218, guid: 19d756a20d7a5b24aba0843dd6509570,
        type: 3}
      propertyPath: m_LocalPosition.x
      value: 242
      objectReference: {fileID: 0}
    - target: {fileID: 2054146529133969218, guid: 19d756a20d7a5b24aba0843dd6509570,
        type: 3}
      propertyPath: m_LocalPosition.y
      value: 0
      objectReference: {fileID: 0}
    - target: {fileID: 2054146529133969218, guid: 19d756a20d7a5b24aba0843dd6509570,
        type: 3}
      propertyPath: m_LocalPosition.z
      value: 0
      objectReference: {fileID: 0}
    - target: {fileID: 2054146529133969218, guid: 19d756a20d7a5b24aba0843dd6509570,
        type: 3}
      propertyPath: m_LocalRotation.w
      value: 1
      objectReference: {fileID: 0}
    - target: {fileID: 2054146529133969218, guid: 19d756a20d7a5b24aba0843dd6509570,
        type: 3}
      propertyPath: m_LocalRotation.x
      value: 0
      objectReference: {fileID: 0}
    - target: {fileID: 2054146529133969218, guid: 19d756a20d7a5b24aba0843dd6509570,
        type: 3}
      propertyPath: m_LocalRotation.y
      value: 0
      objectReference: {fileID: 0}
    - target: {fileID: 2054146529133969218, guid: 19d756a20d7a5b24aba0843dd6509570,
        type: 3}
      propertyPath: m_LocalRotation.z
      value: 0
      objectReference: {fileID: 0}
    - target: {fileID: 2054146529133969218, guid: 19d756a20d7a5b24aba0843dd6509570,
        type: 3}
      propertyPath: m_LocalEulerAnglesHint.x
      value: 0
      objectReference: {fileID: 0}
    - target: {fileID: 2054146529133969218, guid: 19d756a20d7a5b24aba0843dd6509570,
        type: 3}
      propertyPath: m_LocalEulerAnglesHint.y
      value: 0
      objectReference: {fileID: 0}
    - target: {fileID: 2054146529133969218, guid: 19d756a20d7a5b24aba0843dd6509570,
        type: 3}
      propertyPath: m_LocalEulerAnglesHint.z
      value: 0
      objectReference: {fileID: 0}
    m_RemovedComponents: []
  m_SourcePrefab: {fileID: 100100000, guid: 19d756a20d7a5b24aba0843dd6509570, type: 3}
--- !u!1 &116314729
GameObject:
  m_ObjectHideFlags: 0
  m_CorrespondingSourceObject: {fileID: 0}
  m_PrefabInstance: {fileID: 0}
  m_PrefabAsset: {fileID: 0}
  serializedVersion: 6
  m_Component:
  - component: {fileID: 116314733}
  - component: {fileID: 116314732}
  - component: {fileID: 116314731}
  - component: {fileID: 116314734}
  m_Layer: 0
  m_Name: Main Camera
  m_TagString: MainCamera
  m_Icon: {fileID: 0}
  m_NavMeshLayer: 0
  m_StaticEditorFlags: 0
  m_IsActive: 0
--- !u!81 &116314731
AudioListener:
  m_ObjectHideFlags: 0
  m_CorrespondingSourceObject: {fileID: 0}
  m_PrefabInstance: {fileID: 0}
  m_PrefabAsset: {fileID: 0}
  m_GameObject: {fileID: 116314729}
  m_Enabled: 1
--- !u!20 &116314732
Camera:
  m_ObjectHideFlags: 0
  m_CorrespondingSourceObject: {fileID: 0}
  m_PrefabInstance: {fileID: 0}
  m_PrefabAsset: {fileID: 0}
  m_GameObject: {fileID: 116314729}
  m_Enabled: 1
  serializedVersion: 2
  m_ClearFlags: 2
  m_BackGroundColor: {r: 0.19215687, g: 0.3019608, b: 0.4745098, a: 0}
  m_projectionMatrixMode: 1
  m_GateFitMode: 2
  m_FOVAxisMode: 0
  m_SensorSize: {x: 36, y: 24}
  m_LensShift: {x: 0, y: 0}
  m_FocalLength: 50
  m_NormalizedViewPortRect:
    serializedVersion: 2
    x: 0
    y: 0
    width: 1
    height: 1
  near clip plane: 0.3
  far clip plane: 1000
  field of view: 60
  orthographic: 1
  orthographic size: 100
  m_Depth: -1
  m_CullingMask:
    serializedVersion: 2
    m_Bits: 4294967295
  m_RenderingPath: -1
  m_TargetTexture: {fileID: 0}
  m_TargetDisplay: 0
  m_TargetEye: 0
  m_HDR: 1
  m_AllowMSAA: 0
  m_AllowDynamicResolution: 0
  m_ForceIntoRT: 0
  m_OcclusionCulling: 0
  m_StereoConvergence: 10
  m_StereoSeparation: 0.022
--- !u!4 &116314733
Transform:
  m_ObjectHideFlags: 0
  m_CorrespondingSourceObject: {fileID: 0}
  m_PrefabInstance: {fileID: 0}
  m_PrefabAsset: {fileID: 0}
  m_GameObject: {fileID: 116314729}
  m_LocalRotation: {x: 0, y: 0, z: 0, w: 1}
  m_LocalPosition: {x: 208.5, y: -87, z: -10}
  m_LocalScale: {x: 1, y: 1, z: 1}
  m_ConstrainProportionsScale: 0
  m_Children: []
  m_Father: {fileID: 0}
  m_RootOrder: 0
  m_LocalEulerAnglesHint: {x: 0, y: 0, z: 0}
--- !u!114 &116314734
MonoBehaviour:
  m_ObjectHideFlags: 0
  m_CorrespondingSourceObject: {fileID: 0}
  m_PrefabInstance: {fileID: 0}
  m_PrefabAsset: {fileID: 0}
  m_GameObject: {fileID: 116314729}
  m_Enabled: 1
  m_EditorHideFlags: 0
  m_Script: {fileID: 11500000, guid: 6678a20ed3fcaa04182ea16cd7b4d818, type: 3}
  m_Name: 
  m_EditorClassIdentifier: 
--- !u!1001 &425343704
PrefabInstance:
  m_ObjectHideFlags: 0
  serializedVersion: 2
  m_Modification:
    m_TransformParent: {fileID: 0}
    m_Modifications:
    - target: {fileID: 2054146529133969217, guid: 19d756a20d7a5b24aba0843dd6509570,
        type: 3}
      propertyPath: m_Name
      value: EnvironmentAdvanced (9)
      objectReference: {fileID: 0}
    - target: {fileID: 2054146529133969217, guid: 19d756a20d7a5b24aba0843dd6509570,
        type: 3}
      propertyPath: m_IsActive
      value: 0
      objectReference: {fileID: 0}
    - target: {fileID: 2054146529133969218, guid: 19d756a20d7a5b24aba0843dd6509570,
        type: 3}
      propertyPath: m_RootOrder
      value: 10
      objectReference: {fileID: 0}
    - target: {fileID: 2054146529133969218, guid: 19d756a20d7a5b24aba0843dd6509570,
        type: 3}
      propertyPath: m_LocalPosition.x
      value: 242
      objectReference: {fileID: 0}
    - target: {fileID: 2054146529133969218, guid: 19d756a20d7a5b24aba0843dd6509570,
        type: 3}
      propertyPath: m_LocalPosition.y
      value: -75
      objectReference: {fileID: 0}
    - target: {fileID: 2054146529133969218, guid: 19d756a20d7a5b24aba0843dd6509570,
        type: 3}
      propertyPath: m_LocalPosition.z
      value: 0
      objectReference: {fileID: 0}
    - target: {fileID: 2054146529133969218, guid: 19d756a20d7a5b24aba0843dd6509570,
        type: 3}
      propertyPath: m_LocalRotation.w
      value: 1
      objectReference: {fileID: 0}
    - target: {fileID: 2054146529133969218, guid: 19d756a20d7a5b24aba0843dd6509570,
        type: 3}
      propertyPath: m_LocalRotation.x
      value: 0
      objectReference: {fileID: 0}
    - target: {fileID: 2054146529133969218, guid: 19d756a20d7a5b24aba0843dd6509570,
        type: 3}
      propertyPath: m_LocalRotation.y
      value: 0
      objectReference: {fileID: 0}
    - target: {fileID: 2054146529133969218, guid: 19d756a20d7a5b24aba0843dd6509570,
        type: 3}
      propertyPath: m_LocalRotation.z
      value: 0
      objectReference: {fileID: 0}
    - target: {fileID: 2054146529133969218, guid: 19d756a20d7a5b24aba0843dd6509570,
        type: 3}
      propertyPath: m_LocalEulerAnglesHint.x
      value: 0
      objectReference: {fileID: 0}
    - target: {fileID: 2054146529133969218, guid: 19d756a20d7a5b24aba0843dd6509570,
        type: 3}
      propertyPath: m_LocalEulerAnglesHint.y
      value: 0
      objectReference: {fileID: 0}
    - target: {fileID: 2054146529133969218, guid: 19d756a20d7a5b24aba0843dd6509570,
        type: 3}
      propertyPath: m_LocalEulerAnglesHint.z
      value: 0
      objectReference: {fileID: 0}
    m_RemovedComponents: []
  m_SourcePrefab: {fileID: 100100000, guid: 19d756a20d7a5b24aba0843dd6509570, type: 3}
--- !u!1001 &509095399
PrefabInstance:
  m_ObjectHideFlags: 0
  serializedVersion: 2
  m_Modification:
    m_TransformParent: {fileID: 0}
    m_Modifications:
    - target: {fileID: 2054146529133969217, guid: 19d756a20d7a5b24aba0843dd6509570,
        type: 3}
      propertyPath: m_Name
      value: EnvironmentAdvanced (13)
      objectReference: {fileID: 0}
    - target: {fileID: 2054146529133969217, guid: 19d756a20d7a5b24aba0843dd6509570,
        type: 3}
      propertyPath: m_IsActive
      value: 0
      objectReference: {fileID: 0}
    - target: {fileID: 2054146529133969218, guid: 19d756a20d7a5b24aba0843dd6509570,
        type: 3}
      propertyPath: m_RootOrder
      value: 15
      objectReference: {fileID: 0}
    - target: {fileID: 2054146529133969218, guid: 19d756a20d7a5b24aba0843dd6509570,
        type: 3}
      propertyPath: m_LocalPosition.x
      value: 0
      objectReference: {fileID: 0}
    - target: {fileID: 2054146529133969218, guid: 19d756a20d7a5b24aba0843dd6509570,
        type: 3}
      propertyPath: m_LocalPosition.y
      value: -175
      objectReference: {fileID: 0}
    - target: {fileID: 2054146529133969218, guid: 19d756a20d7a5b24aba0843dd6509570,
        type: 3}
      propertyPath: m_LocalPosition.z
      value: 0
      objectReference: {fileID: 0}
    - target: {fileID: 2054146529133969218, guid: 19d756a20d7a5b24aba0843dd6509570,
        type: 3}
      propertyPath: m_LocalRotation.w
      value: 1
      objectReference: {fileID: 0}
    - target: {fileID: 2054146529133969218, guid: 19d756a20d7a5b24aba0843dd6509570,
        type: 3}
      propertyPath: m_LocalRotation.x
      value: 0
      objectReference: {fileID: 0}
    - target: {fileID: 2054146529133969218, guid: 19d756a20d7a5b24aba0843dd6509570,
        type: 3}
      propertyPath: m_LocalRotation.y
      value: 0
      objectReference: {fileID: 0}
    - target: {fileID: 2054146529133969218, guid: 19d756a20d7a5b24aba0843dd6509570,
        type: 3}
      propertyPath: m_LocalRotation.z
      value: 0
      objectReference: {fileID: 0}
    - target: {fileID: 2054146529133969218, guid: 19d756a20d7a5b24aba0843dd6509570,
        type: 3}
      propertyPath: m_LocalEulerAnglesHint.x
      value: 0
      objectReference: {fileID: 0}
    - target: {fileID: 2054146529133969218, guid: 19d756a20d7a5b24aba0843dd6509570,
        type: 3}
      propertyPath: m_LocalEulerAnglesHint.y
      value: 0
      objectReference: {fileID: 0}
    - target: {fileID: 2054146529133969218, guid: 19d756a20d7a5b24aba0843dd6509570,
        type: 3}
      propertyPath: m_LocalEulerAnglesHint.z
      value: 0
      objectReference: {fileID: 0}
    m_RemovedComponents: []
  m_SourcePrefab: {fileID: 100100000, guid: 19d756a20d7a5b24aba0843dd6509570, type: 3}
--- !u!20 &714155782 stripped
Camera:
  m_CorrespondingSourceObject: {fileID: 2054146529380970385, guid: 19d756a20d7a5b24aba0843dd6509570,
    type: 3}
  m_PrefabInstance: {fileID: 2054146530481431208}
  m_PrefabAsset: {fileID: 0}
--- !u!1001 &758817259
PrefabInstance:
  m_ObjectHideFlags: 0
  serializedVersion: 2
  m_Modification:
    m_TransformParent: {fileID: 0}
    m_Modifications:
    - target: {fileID: 2054146529133969217, guid: 19d756a20d7a5b24aba0843dd6509570,
        type: 3}
      propertyPath: m_Name
      value: EnvironmentAdvanced (10)
      objectReference: {fileID: 0}
    - target: {fileID: 2054146529133969217, guid: 19d756a20d7a5b24aba0843dd6509570,
        type: 3}
      propertyPath: m_IsActive
      value: 0
      objectReference: {fileID: 0}
    - target: {fileID: 2054146529133969218, guid: 19d756a20d7a5b24aba0843dd6509570,
        type: 3}
      propertyPath: m_RootOrder
      value: 11
      objectReference: {fileID: 0}
    - target: {fileID: 2054146529133969218, guid: 19d756a20d7a5b24aba0843dd6509570,
        type: 3}
      propertyPath: m_LocalPosition.x
      value: 242
      objectReference: {fileID: 0}
    - target: {fileID: 2054146529133969218, guid: 19d756a20d7a5b24aba0843dd6509570,
        type: 3}
      propertyPath: m_LocalPosition.y
      value: -100
      objectReference: {fileID: 0}
    - target: {fileID: 2054146529133969218, guid: 19d756a20d7a5b24aba0843dd6509570,
        type: 3}
      propertyPath: m_LocalPosition.z
      value: 0
      objectReference: {fileID: 0}
    - target: {fileID: 2054146529133969218, guid: 19d756a20d7a5b24aba0843dd6509570,
        type: 3}
      propertyPath: m_LocalRotation.w
      value: 1
      objectReference: {fileID: 0}
    - target: {fileID: 2054146529133969218, guid: 19d756a20d7a5b24aba0843dd6509570,
        type: 3}
      propertyPath: m_LocalRotation.x
      value: 0
      objectReference: {fileID: 0}
    - target: {fileID: 2054146529133969218, guid: 19d756a20d7a5b24aba0843dd6509570,
        type: 3}
      propertyPath: m_LocalRotation.y
      value: 0
      objectReference: {fileID: 0}
    - target: {fileID: 2054146529133969218, guid: 19d756a20d7a5b24aba0843dd6509570,
        type: 3}
      propertyPath: m_LocalRotation.z
      value: 0
      objectReference: {fileID: 0}
    - target: {fileID: 2054146529133969218, guid: 19d756a20d7a5b24aba0843dd6509570,
        type: 3}
      propertyPath: m_LocalEulerAnglesHint.x
      value: 0
      objectReference: {fileID: 0}
    - target: {fileID: 2054146529133969218, guid: 19d756a20d7a5b24aba0843dd6509570,
        type: 3}
      propertyPath: m_LocalEulerAnglesHint.y
      value: 0
      objectReference: {fileID: 0}
    - target: {fileID: 2054146529133969218, guid: 19d756a20d7a5b24aba0843dd6509570,
        type: 3}
      propertyPath: m_LocalEulerAnglesHint.z
      value: 0
      objectReference: {fileID: 0}
    m_RemovedComponents: []
  m_SourcePrefab: {fileID: 100100000, guid: 19d756a20d7a5b24aba0843dd6509570, type: 3}
--- !u!1001 &839999314
PrefabInstance:
  m_ObjectHideFlags: 0
  serializedVersion: 2
  m_Modification:
    m_TransformParent: {fileID: 0}
    m_Modifications:
    - target: {fileID: 2054146529133969217, guid: 19d756a20d7a5b24aba0843dd6509570,
        type: 3}
      propertyPath: m_Name
      value: EnvironmentAdvanced (1)
      objectReference: {fileID: 0}
    - target: {fileID: 2054146529133969217, guid: 19d756a20d7a5b24aba0843dd6509570,
        type: 3}
      propertyPath: m_IsActive
      value: 0
      objectReference: {fileID: 0}
    - target: {fileID: 2054146529133969218, guid: 19d756a20d7a5b24aba0843dd6509570,
        type: 3}
      propertyPath: m_RootOrder
      value: 2
      objectReference: {fileID: 0}
    - target: {fileID: 2054146529133969218, guid: 19d756a20d7a5b24aba0843dd6509570,
        type: 3}
      propertyPath: m_LocalPosition.x
      value: 0
      objectReference: {fileID: 0}
    - target: {fileID: 2054146529133969218, guid: 19d756a20d7a5b24aba0843dd6509570,
        type: 3}
      propertyPath: m_LocalPosition.y
      value: -25
      objectReference: {fileID: 0}
    - target: {fileID: 2054146529133969218, guid: 19d756a20d7a5b24aba0843dd6509570,
        type: 3}
      propertyPath: m_LocalPosition.z
      value: 0
      objectReference: {fileID: 0}
    - target: {fileID: 2054146529133969218, guid: 19d756a20d7a5b24aba0843dd6509570,
        type: 3}
      propertyPath: m_LocalRotation.w
      value: 1
      objectReference: {fileID: 0}
    - target: {fileID: 2054146529133969218, guid: 19d756a20d7a5b24aba0843dd6509570,
        type: 3}
      propertyPath: m_LocalRotation.x
      value: 0
      objectReference: {fileID: 0}
    - target: {fileID: 2054146529133969218, guid: 19d756a20d7a5b24aba0843dd6509570,
        type: 3}
      propertyPath: m_LocalRotation.y
      value: 0
      objectReference: {fileID: 0}
    - target: {fileID: 2054146529133969218, guid: 19d756a20d7a5b24aba0843dd6509570,
        type: 3}
      propertyPath: m_LocalRotation.z
      value: 0
      objectReference: {fileID: 0}
    - target: {fileID: 2054146529133969218, guid: 19d756a20d7a5b24aba0843dd6509570,
        type: 3}
      propertyPath: m_LocalEulerAnglesHint.x
      value: 0
      objectReference: {fileID: 0}
    - target: {fileID: 2054146529133969218, guid: 19d756a20d7a5b24aba0843dd6509570,
        type: 3}
      propertyPath: m_LocalEulerAnglesHint.y
      value: 0
      objectReference: {fileID: 0}
    - target: {fileID: 2054146529133969218, guid: 19d756a20d7a5b24aba0843dd6509570,
        type: 3}
      propertyPath: m_LocalEulerAnglesHint.z
      value: 0
      objectReference: {fileID: 0}
    m_RemovedComponents: []
  m_SourcePrefab: {fileID: 100100000, guid: 19d756a20d7a5b24aba0843dd6509570, type: 3}
--- !u!1 &881926473
GameObject:
  m_ObjectHideFlags: 0
  m_CorrespondingSourceObject: {fileID: 0}
  m_PrefabInstance: {fileID: 0}
  m_PrefabAsset: {fileID: 0}
  serializedVersion: 6
  m_Component:
  - component: {fileID: 881926475}
  - component: {fileID: 881926474}
  m_Layer: 0
  m_Name: BackgroundAudio
  m_TagString: Untagged
  m_Icon: {fileID: 0}
  m_NavMeshLayer: 0
  m_StaticEditorFlags: 0
  m_IsActive: 1
--- !u!82 &881926474
AudioSource:
  m_ObjectHideFlags: 0
  m_CorrespondingSourceObject: {fileID: 0}
  m_PrefabInstance: {fileID: 0}
  m_PrefabAsset: {fileID: 0}
  m_GameObject: {fileID: 881926473}
  m_Enabled: 1
  serializedVersion: 4
  OutputAudioMixerGroup: {fileID: 1805951745273937417, guid: ee4e2430783e84f4ebf46f6d5c11b80d,
    type: 2}
  m_audioClip: {fileID: 8300000, guid: 9e09976c55f532a468f34fb22fc9d25e, type: 3}
  m_PlayOnAwake: 1
  m_Volume: 1
  m_Pitch: 1
  Loop: 1
  Mute: 0
  Spatialize: 0
  SpatializePostEffects: 0
  Priority: 128
  DopplerLevel: 1
  MinDistance: 1
  MaxDistance: 500
  Pan2D: 0
  rolloffMode: 0
  BypassEffects: 0
  BypassListenerEffects: 0
  BypassReverbZones: 0
  rolloffCustomCurve:
    serializedVersion: 2
    m_Curve:
    - serializedVersion: 3
      time: 0
      value: 1
      inSlope: 0
      outSlope: 0
      tangentMode: 0
      weightedMode: 0
      inWeight: 0.33333334
      outWeight: 0.33333334
    - serializedVersion: 3
      time: 1
      value: 0
      inSlope: 0
      outSlope: 0
      tangentMode: 0
      weightedMode: 0
      inWeight: 0.33333334
      outWeight: 0.33333334
    m_PreInfinity: 2
    m_PostInfinity: 2
    m_RotationOrder: 4
  panLevelCustomCurve:
    serializedVersion: 2
    m_Curve:
    - serializedVersion: 3
      time: 0
      value: 0
      inSlope: 0
      outSlope: 0
      tangentMode: 0
      weightedMode: 0
      inWeight: 0.33333334
      outWeight: 0.33333334
    m_PreInfinity: 2
    m_PostInfinity: 2
    m_RotationOrder: 4
  spreadCustomCurve:
    serializedVersion: 2
    m_Curve:
    - serializedVersion: 3
      time: 0
      value: 0
      inSlope: 0
      outSlope: 0
      tangentMode: 0
      weightedMode: 0
      inWeight: 0.33333334
      outWeight: 0.33333334
    m_PreInfinity: 2
    m_PostInfinity: 2
    m_RotationOrder: 4
  reverbZoneMixCustomCurve:
    serializedVersion: 2
    m_Curve:
    - serializedVersion: 3
      time: 0
      value: 1
      inSlope: 0
      outSlope: 0
      tangentMode: 0
      weightedMode: 0
      inWeight: 0.33333334
      outWeight: 0.33333334
    m_PreInfinity: 2
    m_PostInfinity: 2
    m_RotationOrder: 4
--- !u!4 &881926475
Transform:
  m_ObjectHideFlags: 0
  m_CorrespondingSourceObject: {fileID: 0}
  m_PrefabInstance: {fileID: 0}
  m_PrefabAsset: {fileID: 0}
  m_GameObject: {fileID: 881926473}
  m_LocalRotation: {x: 0, y: 0, z: 0, w: 1}
  m_LocalPosition: {x: 0, y: 0, z: 0}
  m_LocalScale: {x: 1, y: 1, z: 1}
  m_ConstrainProportionsScale: 0
  m_Children: []
  m_Father: {fileID: 0}
  m_RootOrder: 17
  m_LocalEulerAnglesHint: {x: 0, y: 0, z: 0}
--- !u!1001 &922126762
PrefabInstance:
  m_ObjectHideFlags: 0
  serializedVersion: 2
  m_Modification:
    m_TransformParent: {fileID: 0}
    m_Modifications:
    - target: {fileID: 2054146529133969217, guid: 19d756a20d7a5b24aba0843dd6509570,
        type: 3}
      propertyPath: m_Name
      value: EnvironmentAdvanced (14)
      objectReference: {fileID: 0}
    - target: {fileID: 2054146529133969217, guid: 19d756a20d7a5b24aba0843dd6509570,
        type: 3}
      propertyPath: m_IsActive
      value: 0
      objectReference: {fileID: 0}
    - target: {fileID: 2054146529133969218, guid: 19d756a20d7a5b24aba0843dd6509570,
        type: 3}
      propertyPath: m_RootOrder
      value: 13
      objectReference: {fileID: 0}
    - target: {fileID: 2054146529133969218, guid: 19d756a20d7a5b24aba0843dd6509570,
        type: 3}
      propertyPath: m_LocalPosition.x
      value: 242
      objectReference: {fileID: 0}
    - target: {fileID: 2054146529133969218, guid: 19d756a20d7a5b24aba0843dd6509570,
        type: 3}
      propertyPath: m_LocalPosition.y
      value: -150
      objectReference: {fileID: 0}
    - target: {fileID: 2054146529133969218, guid: 19d756a20d7a5b24aba0843dd6509570,
        type: 3}
      propertyPath: m_LocalPosition.z
      value: 0
      objectReference: {fileID: 0}
    - target: {fileID: 2054146529133969218, guid: 19d756a20d7a5b24aba0843dd6509570,
        type: 3}
      propertyPath: m_LocalRotation.w
      value: 1
      objectReference: {fileID: 0}
    - target: {fileID: 2054146529133969218, guid: 19d756a20d7a5b24aba0843dd6509570,
        type: 3}
      propertyPath: m_LocalRotation.x
      value: 0
      objectReference: {fileID: 0}
    - target: {fileID: 2054146529133969218, guid: 19d756a20d7a5b24aba0843dd6509570,
        type: 3}
      propertyPath: m_LocalRotation.y
      value: 0
      objectReference: {fileID: 0}
    - target: {fileID: 2054146529133969218, guid: 19d756a20d7a5b24aba0843dd6509570,
        type: 3}
      propertyPath: m_LocalRotation.z
      value: 0
      objectReference: {fileID: 0}
    - target: {fileID: 2054146529133969218, guid: 19d756a20d7a5b24aba0843dd6509570,
        type: 3}
      propertyPath: m_LocalEulerAnglesHint.x
      value: 0
      objectReference: {fileID: 0}
    - target: {fileID: 2054146529133969218, guid: 19d756a20d7a5b24aba0843dd6509570,
        type: 3}
      propertyPath: m_LocalEulerAnglesHint.y
      value: 0
      objectReference: {fileID: 0}
    - target: {fileID: 2054146529133969218, guid: 19d756a20d7a5b24aba0843dd6509570,
        type: 3}
      propertyPath: m_LocalEulerAnglesHint.z
      value: 0
      objectReference: {fileID: 0}
    m_RemovedComponents: []
  m_SourcePrefab: {fileID: 100100000, guid: 19d756a20d7a5b24aba0843dd6509570, type: 3}
--- !u!1001 &995047426
PrefabInstance:
  m_ObjectHideFlags: 0
  serializedVersion: 2
  m_Modification:
    m_TransformParent: {fileID: 0}
    m_Modifications:
    - target: {fileID: 2054146529133969217, guid: 19d756a20d7a5b24aba0843dd6509570,
        type: 3}
      propertyPath: m_Name
      value: EnvironmentAdvanced (12)
      objectReference: {fileID: 0}
    - target: {fileID: 2054146529133969217, guid: 19d756a20d7a5b24aba0843dd6509570,
        type: 3}
      propertyPath: m_IsActive
      value: 0
      objectReference: {fileID: 0}
    - target: {fileID: 2054146529133969218, guid: 19d756a20d7a5b24aba0843dd6509570,
        type: 3}
      propertyPath: m_RootOrder
      value: 14
      objectReference: {fileID: 0}
    - target: {fileID: 2054146529133969218, guid: 19d756a20d7a5b24aba0843dd6509570,
        type: 3}
      propertyPath: m_LocalPosition.x
      value: 0
      objectReference: {fileID: 0}
    - target: {fileID: 2054146529133969218, guid: 19d756a20d7a5b24aba0843dd6509570,
        type: 3}
      propertyPath: m_LocalPosition.y
      value: -150
      objectReference: {fileID: 0}
    - target: {fileID: 2054146529133969218, guid: 19d756a20d7a5b24aba0843dd6509570,
        type: 3}
      propertyPath: m_LocalPosition.z
      value: 0
      objectReference: {fileID: 0}
    - target: {fileID: 2054146529133969218, guid: 19d756a20d7a5b24aba0843dd6509570,
        type: 3}
      propertyPath: m_LocalRotation.w
      value: 1
      objectReference: {fileID: 0}
    - target: {fileID: 2054146529133969218, guid: 19d756a20d7a5b24aba0843dd6509570,
        type: 3}
      propertyPath: m_LocalRotation.x
      value: 0
      objectReference: {fileID: 0}
    - target: {fileID: 2054146529133969218, guid: 19d756a20d7a5b24aba0843dd6509570,
        type: 3}
      propertyPath: m_LocalRotation.y
      value: 0
      objectReference: {fileID: 0}
    - target: {fileID: 2054146529133969218, guid: 19d756a20d7a5b24aba0843dd6509570,
        type: 3}
      propertyPath: m_LocalRotation.z
      value: 0
      objectReference: {fileID: 0}
    - target: {fileID: 2054146529133969218, guid: 19d756a20d7a5b24aba0843dd6509570,
        type: 3}
      propertyPath: m_LocalEulerAnglesHint.x
      value: 0
      objectReference: {fileID: 0}
    - target: {fileID: 2054146529133969218, guid: 19d756a20d7a5b24aba0843dd6509570,
        type: 3}
      propertyPath: m_LocalEulerAnglesHint.y
      value: 0
      objectReference: {fileID: 0}
    - target: {fileID: 2054146529133969218, guid: 19d756a20d7a5b24aba0843dd6509570,
        type: 3}
      propertyPath: m_LocalEulerAnglesHint.z
      value: 0
      objectReference: {fileID: 0}
    m_RemovedComponents: []
  m_SourcePrefab: {fileID: 100100000, guid: 19d756a20d7a5b24aba0843dd6509570, type: 3}
--- !u!1001 &1080606473
PrefabInstance:
  m_ObjectHideFlags: 0
  serializedVersion: 2
  m_Modification:
    m_TransformParent: {fileID: 0}
    m_Modifications:
    - target: {fileID: 2054146529133969217, guid: 19d756a20d7a5b24aba0843dd6509570,
        type: 3}
      propertyPath: m_Name
      value: EnvironmentAdvanced (8)
      objectReference: {fileID: 0}
    - target: {fileID: 2054146529133969217, guid: 19d756a20d7a5b24aba0843dd6509570,
        type: 3}
      propertyPath: m_IsActive
      value: 0
      objectReference: {fileID: 0}
    - target: {fileID: 2054146529133969218, guid: 19d756a20d7a5b24aba0843dd6509570,
        type: 3}
      propertyPath: m_RootOrder
      value: 9
      objectReference: {fileID: 0}
    - target: {fileID: 2054146529133969218, guid: 19d756a20d7a5b24aba0843dd6509570,
        type: 3}
      propertyPath: m_LocalPosition.x
      value: 242
      objectReference: {fileID: 0}
    - target: {fileID: 2054146529133969218, guid: 19d756a20d7a5b24aba0843dd6509570,
        type: 3}
      propertyPath: m_LocalPosition.y
      value: -50
      objectReference: {fileID: 0}
    - target: {fileID: 2054146529133969218, guid: 19d756a20d7a5b24aba0843dd6509570,
        type: 3}
      propertyPath: m_LocalPosition.z
      value: 0
      objectReference: {fileID: 0}
    - target: {fileID: 2054146529133969218, guid: 19d756a20d7a5b24aba0843dd6509570,
        type: 3}
      propertyPath: m_LocalRotation.w
      value: 1
      objectReference: {fileID: 0}
    - target: {fileID: 2054146529133969218, guid: 19d756a20d7a5b24aba0843dd6509570,
        type: 3}
      propertyPath: m_LocalRotation.x
      value: 0
      objectReference: {fileID: 0}
    - target: {fileID: 2054146529133969218, guid: 19d756a20d7a5b24aba0843dd6509570,
        type: 3}
      propertyPath: m_LocalRotation.y
      value: 0
      objectReference: {fileID: 0}
    - target: {fileID: 2054146529133969218, guid: 19d756a20d7a5b24aba0843dd6509570,
        type: 3}
      propertyPath: m_LocalRotation.z
      value: 0
      objectReference: {fileID: 0}
    - target: {fileID: 2054146529133969218, guid: 19d756a20d7a5b24aba0843dd6509570,
        type: 3}
      propertyPath: m_LocalEulerAnglesHint.x
      value: 0
      objectReference: {fileID: 0}
    - target: {fileID: 2054146529133969218, guid: 19d756a20d7a5b24aba0843dd6509570,
        type: 3}
      propertyPath: m_LocalEulerAnglesHint.y
      value: 0
      objectReference: {fileID: 0}
    - target: {fileID: 2054146529133969218, guid: 19d756a20d7a5b24aba0843dd6509570,
        type: 3}
      propertyPath: m_LocalEulerAnglesHint.z
      value: 0
      objectReference: {fileID: 0}
    m_RemovedComponents: []
  m_SourcePrefab: {fileID: 100100000, guid: 19d756a20d7a5b24aba0843dd6509570, type: 3}
--- !u!1001 &1227967403
PrefabInstance:
  m_ObjectHideFlags: 0
  serializedVersion: 2
  m_Modification:
    m_TransformParent: {fileID: 0}
    m_Modifications:
    - target: {fileID: 2054146529133969217, guid: 19d756a20d7a5b24aba0843dd6509570,
        type: 3}
      propertyPath: m_Name
      value: EnvironmentAdvanced (4)
      objectReference: {fileID: 0}
    - target: {fileID: 2054146529133969217, guid: 19d756a20d7a5b24aba0843dd6509570,
        type: 3}
      propertyPath: m_IsActive
      value: 0
      objectReference: {fileID: 0}
    - target: {fileID: 2054146529133969218, guid: 19d756a20d7a5b24aba0843dd6509570,
        type: 3}
      propertyPath: m_RootOrder
      value: 5
      objectReference: {fileID: 0}
    - target: {fileID: 2054146529133969218, guid: 19d756a20d7a5b24aba0843dd6509570,
        type: 3}
      propertyPath: m_LocalPosition.x
      value: 0
      objectReference: {fileID: 0}
    - target: {fileID: 2054146529133969218, guid: 19d756a20d7a5b24aba0843dd6509570,
        type: 3}
      propertyPath: m_LocalPosition.y
      value: -100
      objectReference: {fileID: 0}
    - target: {fileID: 2054146529133969218, guid: 19d756a20d7a5b24aba0843dd6509570,
        type: 3}
      propertyPath: m_LocalPosition.z
      value: 0
      objectReference: {fileID: 0}
    - target: {fileID: 2054146529133969218, guid: 19d756a20d7a5b24aba0843dd6509570,
        type: 3}
      propertyPath: m_LocalRotation.w
      value: 1
      objectReference: {fileID: 0}
    - target: {fileID: 2054146529133969218, guid: 19d756a20d7a5b24aba0843dd6509570,
        type: 3}
      propertyPath: m_LocalRotation.x
      value: 0
      objectReference: {fileID: 0}
    - target: {fileID: 2054146529133969218, guid: 19d756a20d7a5b24aba0843dd6509570,
        type: 3}
      propertyPath: m_LocalRotation.y
      value: 0
      objectReference: {fileID: 0}
    - target: {fileID: 2054146529133969218, guid: 19d756a20d7a5b24aba0843dd6509570,
        type: 3}
      propertyPath: m_LocalRotation.z
      value: 0
      objectReference: {fileID: 0}
    - target: {fileID: 2054146529133969218, guid: 19d756a20d7a5b24aba0843dd6509570,
        type: 3}
      propertyPath: m_LocalEulerAnglesHint.x
      value: 0
      objectReference: {fileID: 0}
    - target: {fileID: 2054146529133969218, guid: 19d756a20d7a5b24aba0843dd6509570,
        type: 3}
      propertyPath: m_LocalEulerAnglesHint.y
      value: 0
      objectReference: {fileID: 0}
    - target: {fileID: 2054146529133969218, guid: 19d756a20d7a5b24aba0843dd6509570,
        type: 3}
      propertyPath: m_LocalEulerAnglesHint.z
      value: 0
      objectReference: {fileID: 0}
    m_RemovedComponents: []
  m_SourcePrefab: {fileID: 100100000, guid: 19d756a20d7a5b24aba0843dd6509570, type: 3}
--- !u!1001 &1285830081
PrefabInstance:
  m_ObjectHideFlags: 0
  serializedVersion: 2
  m_Modification:
    m_TransformParent: {fileID: 0}
    m_Modifications:
    - target: {fileID: 2054146529133969217, guid: 19d756a20d7a5b24aba0843dd6509570,
        type: 3}
      propertyPath: m_Name
      value: EnvironmentAdvanced (5)
      objectReference: {fileID: 0}
    - target: {fileID: 2054146529133969217, guid: 19d756a20d7a5b24aba0843dd6509570,
        type: 3}
      propertyPath: m_IsActive
      value: 0
      objectReference: {fileID: 0}
    - target: {fileID: 2054146529133969218, guid: 19d756a20d7a5b24aba0843dd6509570,
        type: 3}
      propertyPath: m_RootOrder
      value: 6
      objectReference: {fileID: 0}
    - target: {fileID: 2054146529133969218, guid: 19d756a20d7a5b24aba0843dd6509570,
        type: 3}
      propertyPath: m_LocalPosition.x
      value: 0
      objectReference: {fileID: 0}
    - target: {fileID: 2054146529133969218, guid: 19d756a20d7a5b24aba0843dd6509570,
        type: 3}
      propertyPath: m_LocalPosition.y
      value: -125
      objectReference: {fileID: 0}
    - target: {fileID: 2054146529133969218, guid: 19d756a20d7a5b24aba0843dd6509570,
        type: 3}
      propertyPath: m_LocalPosition.z
      value: 0
      objectReference: {fileID: 0}
    - target: {fileID: 2054146529133969218, guid: 19d756a20d7a5b24aba0843dd6509570,
        type: 3}
      propertyPath: m_LocalRotation.w
      value: 1
      objectReference: {fileID: 0}
    - target: {fileID: 2054146529133969218, guid: 19d756a20d7a5b24aba0843dd6509570,
        type: 3}
      propertyPath: m_LocalRotation.x
      value: 0
      objectReference: {fileID: 0}
    - target: {fileID: 2054146529133969218, guid: 19d756a20d7a5b24aba0843dd6509570,
        type: 3}
      propertyPath: m_LocalRotation.y
      value: 0
      objectReference: {fileID: 0}
    - target: {fileID: 2054146529133969218, guid: 19d756a20d7a5b24aba0843dd6509570,
        type: 3}
      propertyPath: m_LocalRotation.z
      value: 0
      objectReference: {fileID: 0}
    - target: {fileID: 2054146529133969218, guid: 19d756a20d7a5b24aba0843dd6509570,
        type: 3}
      propertyPath: m_LocalEulerAnglesHint.x
      value: 0
      objectReference: {fileID: 0}
    - target: {fileID: 2054146529133969218, guid: 19d756a20d7a5b24aba0843dd6509570,
        type: 3}
      propertyPath: m_LocalEulerAnglesHint.y
      value: 0
      objectReference: {fileID: 0}
    - target: {fileID: 2054146529133969218, guid: 19d756a20d7a5b24aba0843dd6509570,
        type: 3}
      propertyPath: m_LocalEulerAnglesHint.z
      value: 0
      objectReference: {fileID: 0}
    m_RemovedComponents: []
  m_SourcePrefab: {fileID: 100100000, guid: 19d756a20d7a5b24aba0843dd6509570, type: 3}
--- !u!4 &1452288411 stripped
Transform:
  m_CorrespondingSourceObject: {fileID: 5900927305303002981, guid: 19d756a20d7a5b24aba0843dd6509570,
    type: 3}
  m_PrefabInstance: {fileID: 2054146530481431208}
  m_PrefabAsset: {fileID: 0}
--- !u!1001 &1493903541
PrefabInstance:
  m_ObjectHideFlags: 0
  serializedVersion: 2
  m_Modification:
    m_TransformParent: {fileID: 0}
    m_Modifications:
    - target: {fileID: 2054146529133969217, guid: 19d756a20d7a5b24aba0843dd6509570,
        type: 3}
      propertyPath: m_Name
      value: EnvironmentAdvanced (3)
      objectReference: {fileID: 0}
    - target: {fileID: 2054146529133969217, guid: 19d756a20d7a5b24aba0843dd6509570,
        type: 3}
      propertyPath: m_IsActive
      value: 0
      objectReference: {fileID: 0}
    - target: {fileID: 2054146529133969218, guid: 19d756a20d7a5b24aba0843dd6509570,
        type: 3}
      propertyPath: m_RootOrder
      value: 4
      objectReference: {fileID: 0}
    - target: {fileID: 2054146529133969218, guid: 19d756a20d7a5b24aba0843dd6509570,
        type: 3}
      propertyPath: m_LocalPosition.x
      value: 0
      objectReference: {fileID: 0}
    - target: {fileID: 2054146529133969218, guid: 19d756a20d7a5b24aba0843dd6509570,
        type: 3}
      propertyPath: m_LocalPosition.y
      value: -75
      objectReference: {fileID: 0}
    - target: {fileID: 2054146529133969218, guid: 19d756a20d7a5b24aba0843dd6509570,
        type: 3}
      propertyPath: m_LocalPosition.z
      value: 0
      objectReference: {fileID: 0}
    - target: {fileID: 2054146529133969218, guid: 19d756a20d7a5b24aba0843dd6509570,
        type: 3}
      propertyPath: m_LocalRotation.w
      value: 1
      objectReference: {fileID: 0}
    - target: {fileID: 2054146529133969218, guid: 19d756a20d7a5b24aba0843dd6509570,
        type: 3}
      propertyPath: m_LocalRotation.x
      value: 0
      objectReference: {fileID: 0}
    - target: {fileID: 2054146529133969218, guid: 19d756a20d7a5b24aba0843dd6509570,
        type: 3}
      propertyPath: m_LocalRotation.y
      value: 0
      objectReference: {fileID: 0}
    - target: {fileID: 2054146529133969218, guid: 19d756a20d7a5b24aba0843dd6509570,
        type: 3}
      propertyPath: m_LocalRotation.z
      value: 0
      objectReference: {fileID: 0}
    - target: {fileID: 2054146529133969218, guid: 19d756a20d7a5b24aba0843dd6509570,
        type: 3}
      propertyPath: m_LocalEulerAnglesHint.x
      value: 0
      objectReference: {fileID: 0}
    - target: {fileID: 2054146529133969218, guid: 19d756a20d7a5b24aba0843dd6509570,
        type: 3}
      propertyPath: m_LocalEulerAnglesHint.y
      value: 0
      objectReference: {fileID: 0}
    - target: {fileID: 2054146529133969218, guid: 19d756a20d7a5b24aba0843dd6509570,
        type: 3}
      propertyPath: m_LocalEulerAnglesHint.z
      value: 0
      objectReference: {fileID: 0}
    m_RemovedComponents: []
  m_SourcePrefab: {fileID: 100100000, guid: 19d756a20d7a5b24aba0843dd6509570, type: 3}
--- !u!1001 &1609982800
PrefabInstance:
  m_ObjectHideFlags: 0
  serializedVersion: 2
  m_Modification:
    m_TransformParent: {fileID: 0}
    m_Modifications:
    - target: {fileID: 2054146529133969217, guid: 19d756a20d7a5b24aba0843dd6509570,
        type: 3}
      propertyPath: m_Name
      value: EnvironmentAdvanced (2)
      objectReference: {fileID: 0}
    - target: {fileID: 2054146529133969217, guid: 19d756a20d7a5b24aba0843dd6509570,
        type: 3}
      propertyPath: m_IsActive
      value: 0
      objectReference: {fileID: 0}
    - target: {fileID: 2054146529133969218, guid: 19d756a20d7a5b24aba0843dd6509570,
        type: 3}
      propertyPath: m_RootOrder
      value: 3
      objectReference: {fileID: 0}
    - target: {fileID: 2054146529133969218, guid: 19d756a20d7a5b24aba0843dd6509570,
        type: 3}
      propertyPath: m_LocalPosition.x
      value: 0
      objectReference: {fileID: 0}
    - target: {fileID: 2054146529133969218, guid: 19d756a20d7a5b24aba0843dd6509570,
        type: 3}
      propertyPath: m_LocalPosition.y
      value: -50
      objectReference: {fileID: 0}
    - target: {fileID: 2054146529133969218, guid: 19d756a20d7a5b24aba0843dd6509570,
        type: 3}
      propertyPath: m_LocalPosition.z
      value: 0
      objectReference: {fileID: 0}
    - target: {fileID: 2054146529133969218, guid: 19d756a20d7a5b24aba0843dd6509570,
        type: 3}
      propertyPath: m_LocalRotation.w
      value: 1
      objectReference: {fileID: 0}
    - target: {fileID: 2054146529133969218, guid: 19d756a20d7a5b24aba0843dd6509570,
        type: 3}
      propertyPath: m_LocalRotation.x
      value: 0
      objectReference: {fileID: 0}
    - target: {fileID: 2054146529133969218, guid: 19d756a20d7a5b24aba0843dd6509570,
        type: 3}
      propertyPath: m_LocalRotation.y
      value: 0
      objectReference: {fileID: 0}
    - target: {fileID: 2054146529133969218, guid: 19d756a20d7a5b24aba0843dd6509570,
        type: 3}
      propertyPath: m_LocalRotation.z
      value: 0
      objectReference: {fileID: 0}
    - target: {fileID: 2054146529133969218, guid: 19d756a20d7a5b24aba0843dd6509570,
        type: 3}
      propertyPath: m_LocalEulerAnglesHint.x
      value: 0
      objectReference: {fileID: 0}
    - target: {fileID: 2054146529133969218, guid: 19d756a20d7a5b24aba0843dd6509570,
        type: 3}
      propertyPath: m_LocalEulerAnglesHint.y
      value: 0
      objectReference: {fileID: 0}
    - target: {fileID: 2054146529133969218, guid: 19d756a20d7a5b24aba0843dd6509570,
        type: 3}
      propertyPath: m_LocalEulerAnglesHint.z
      value: 0
      objectReference: {fileID: 0}
    m_RemovedComponents: []
  m_SourcePrefab: {fileID: 100100000, guid: 19d756a20d7a5b24aba0843dd6509570, type: 3}
--- !u!1 &1841263796
GameObject:
  m_ObjectHideFlags: 0
  m_CorrespondingSourceObject: {fileID: 0}
  m_PrefabInstance: {fileID: 0}
  m_PrefabAsset: {fileID: 0}
  serializedVersion: 6
  m_Component:
  - component: {fileID: 1841263797}
  - component: {fileID: 1841263799}
  - component: {fileID: 1841263798}
  m_Layer: 0
  m_Name: 6
  m_TagString: Untagged
  m_Icon: {fileID: 0}
  m_NavMeshLayer: 0
  m_StaticEditorFlags: 0
  m_IsActive: 1
--- !u!4 &1841263797
Transform:
  m_ObjectHideFlags: 0
  m_CorrespondingSourceObject: {fileID: 0}
  m_PrefabInstance: {fileID: 0}
  m_PrefabAsset: {fileID: 0}
  m_GameObject: {fileID: 1841263796}
  m_LocalRotation: {x: -0, y: -0, z: -0, w: 1}
  m_LocalPosition: {x: 0, y: 0, z: 10}
  m_LocalScale: {x: 6.2000003, y: 6.2, z: 1}
  m_ConstrainProportionsScale: 0
  m_Children: []
  m_Father: {fileID: 64269807}
  m_RootOrder: 5
  m_LocalEulerAnglesHint: {x: 0, y: 0, z: 0}
--- !u!114 &1841263798
MonoBehaviour:
  m_ObjectHideFlags: 0
  m_CorrespondingSourceObject: {fileID: 0}
  m_PrefabInstance: {fileID: 0}
  m_PrefabAsset: {fileID: 0}
  m_GameObject: {fileID: 1841263796}
  m_Enabled: 1
  m_EditorHideFlags: 0
  m_Script: {fileID: 11500000, guid: 7fc1a6869c5c4c14e803a186551a26ac, type: 3}
  m_Name: 
  m_EditorClassIdentifier: 
  cam: {fileID: 714155782}
  agent: {fileID: 1452288411}
--- !u!212 &1841263799
SpriteRenderer:
  m_ObjectHideFlags: 0
  m_CorrespondingSourceObject: {fileID: 0}
  m_PrefabInstance: {fileID: 0}
  m_PrefabAsset: {fileID: 0}
  m_GameObject: {fileID: 1841263796}
  m_Enabled: 1
  m_CastShadows: 0
  m_ReceiveShadows: 0
  m_DynamicOccludee: 1
  m_StaticShadowCaster: 0
  m_MotionVectors: 1
  m_LightProbeUsage: 1
  m_ReflectionProbeUsage: 1
  m_RayTracingMode: 0
  m_RayTraceProcedural: 0
  m_RenderingLayerMask: 1
  m_RendererPriority: 0
  m_Materials:
  - {fileID: 10754, guid: 0000000000000000f000000000000000, type: 0}
  m_StaticBatchInfo:
    firstSubMesh: 0
    subMeshCount: 0
  m_StaticBatchRoot: {fileID: 0}
  m_ProbeAnchor: {fileID: 0}
  m_LightProbeVolumeOverride: {fileID: 0}
  m_ScaleInLightmap: 1
  m_ReceiveGI: 1
  m_PreserveUVs: 0
  m_IgnoreNormalsForChartDetection: 0
  m_ImportantGI: 0
  m_StitchLightmapSeams: 1
  m_SelectedEditorRenderState: 0
  m_MinimumChartSize: 4
  m_AutoUVMaxDistance: 0.5
  m_AutoUVMaxAngle: 89
  m_LightmapParameters: {fileID: 0}
  m_SortingLayerID: 0
  m_SortingLayer: 0
  m_SortingOrder: 0
  m_Sprite: {fileID: 21300000, guid: afc5fd70b937ddc4f9339141883492f4, type: 3}
  m_Color: {r: 1, g: 1, b: 1, a: 1}
  m_FlipX: 0
  m_FlipY: 0
  m_DrawMode: 2
  m_Size: {x: 57.6, y: 3.24}
  m_AdaptiveModeThreshold: 0.5
  m_SpriteTileMode: 0
  m_WasSpriteAssigned: 1
  m_MaskInteraction: 0
  m_SpriteSortPoint: 0
--- !u!1001 &2083361000
PrefabInstance:
  m_ObjectHideFlags: 0
  serializedVersion: 2
  m_Modification:
    m_TransformParent: {fileID: 0}
    m_Modifications:
    - target: {fileID: 2054146529133969217, guid: 19d756a20d7a5b24aba0843dd6509570,
        type: 3}
      propertyPath: m_Name
      value: EnvironmentAdvanced (7)
      objectReference: {fileID: 0}
    - target: {fileID: 2054146529133969217, guid: 19d756a20d7a5b24aba0843dd6509570,
        type: 3}
      propertyPath: m_IsActive
      value: 0
      objectReference: {fileID: 0}
    - target: {fileID: 2054146529133969218, guid: 19d756a20d7a5b24aba0843dd6509570,
        type: 3}
      propertyPath: m_RootOrder
      value: 8
      objectReference: {fileID: 0}
    - target: {fileID: 2054146529133969218, guid: 19d756a20d7a5b24aba0843dd6509570,
        type: 3}
      propertyPath: m_LocalPosition.x
      value: 242
      objectReference: {fileID: 0}
    - target: {fileID: 2054146529133969218, guid: 19d756a20d7a5b24aba0843dd6509570,
        type: 3}
      propertyPath: m_LocalPosition.y
      value: -25
      objectReference: {fileID: 0}
    - target: {fileID: 2054146529133969218, guid: 19d756a20d7a5b24aba0843dd6509570,
        type: 3}
      propertyPath: m_LocalPosition.z
      value: 0
      objectReference: {fileID: 0}
    - target: {fileID: 2054146529133969218, guid: 19d756a20d7a5b24aba0843dd6509570,
        type: 3}
      propertyPath: m_LocalRotation.w
      value: 1
      objectReference: {fileID: 0}
    - target: {fileID: 2054146529133969218, guid: 19d756a20d7a5b24aba0843dd6509570,
        type: 3}
      propertyPath: m_LocalRotation.x
      value: 0
      objectReference: {fileID: 0}
    - target: {fileID: 2054146529133969218, guid: 19d756a20d7a5b24aba0843dd6509570,
        type: 3}
      propertyPath: m_LocalRotation.y
      value: 0
      objectReference: {fileID: 0}
    - target: {fileID: 2054146529133969218, guid: 19d756a20d7a5b24aba0843dd6509570,
        type: 3}
      propertyPath: m_LocalRotation.z
      value: 0
      objectReference: {fileID: 0}
    - target: {fileID: 2054146529133969218, guid: 19d756a20d7a5b24aba0843dd6509570,
        type: 3}
      propertyPath: m_LocalEulerAnglesHint.x
      value: 0
      objectReference: {fileID: 0}
    - target: {fileID: 2054146529133969218, guid: 19d756a20d7a5b24aba0843dd6509570,
        type: 3}
      propertyPath: m_LocalEulerAnglesHint.y
      value: 0
      objectReference: {fileID: 0}
    - target: {fileID: 2054146529133969218, guid: 19d756a20d7a5b24aba0843dd6509570,
        type: 3}
      propertyPath: m_LocalEulerAnglesHint.z
      value: 0
      objectReference: {fileID: 0}
    m_RemovedComponents: []
  m_SourcePrefab: {fileID: 100100000, guid: 19d756a20d7a5b24aba0843dd6509570, type: 3}
--- !u!1001 &2122862130
PrefabInstance:
  m_ObjectHideFlags: 0
  serializedVersion: 2
  m_Modification:
    m_TransformParent: {fileID: 0}
    m_Modifications:
    - target: {fileID: 2054146529133969217, guid: 19d756a20d7a5b24aba0843dd6509570,
        type: 3}
      propertyPath: m_Name
      value: EnvironmentAdvanced (11)
      objectReference: {fileID: 0}
    - target: {fileID: 2054146529133969217, guid: 19d756a20d7a5b24aba0843dd6509570,
        type: 3}
      propertyPath: m_IsActive
      value: 0
      objectReference: {fileID: 0}
    - target: {fileID: 2054146529133969218, guid: 19d756a20d7a5b24aba0843dd6509570,
        type: 3}
      propertyPath: m_RootOrder
      value: 12
      objectReference: {fileID: 0}
    - target: {fileID: 2054146529133969218, guid: 19d756a20d7a5b24aba0843dd6509570,
        type: 3}
      propertyPath: m_LocalPosition.x
      value: 242
      objectReference: {fileID: 0}
    - target: {fileID: 2054146529133969218, guid: 19d756a20d7a5b24aba0843dd6509570,
        type: 3}
      propertyPath: m_LocalPosition.y
      value: -125
      objectReference: {fileID: 0}
    - target: {fileID: 2054146529133969218, guid: 19d756a20d7a5b24aba0843dd6509570,
        type: 3}
      propertyPath: m_LocalPosition.z
      value: 0
      objectReference: {fileID: 0}
    - target: {fileID: 2054146529133969218, guid: 19d756a20d7a5b24aba0843dd6509570,
        type: 3}
      propertyPath: m_LocalRotation.w
      value: 1
      objectReference: {fileID: 0}
    - target: {fileID: 2054146529133969218, guid: 19d756a20d7a5b24aba0843dd6509570,
        type: 3}
      propertyPath: m_LocalRotation.x
      value: 0
      objectReference: {fileID: 0}
    - target: {fileID: 2054146529133969218, guid: 19d756a20d7a5b24aba0843dd6509570,
        type: 3}
      propertyPath: m_LocalRotation.y
      value: 0
      objectReference: {fileID: 0}
    - target: {fileID: 2054146529133969218, guid: 19d756a20d7a5b24aba0843dd6509570,
        type: 3}
      propertyPath: m_LocalRotation.z
      value: 0
      objectReference: {fileID: 0}
    - target: {fileID: 2054146529133969218, guid: 19d756a20d7a5b24aba0843dd6509570,
        type: 3}
      propertyPath: m_LocalEulerAnglesHint.x
      value: 0
      objectReference: {fileID: 0}
    - target: {fileID: 2054146529133969218, guid: 19d756a20d7a5b24aba0843dd6509570,
        type: 3}
      propertyPath: m_LocalEulerAnglesHint.y
      value: 0
      objectReference: {fileID: 0}
    - target: {fileID: 2054146529133969218, guid: 19d756a20d7a5b24aba0843dd6509570,
        type: 3}
      propertyPath: m_LocalEulerAnglesHint.z
      value: 0
      objectReference: {fileID: 0}
    m_RemovedComponents: []
  m_SourcePrefab: {fileID: 100100000, guid: 19d756a20d7a5b24aba0843dd6509570, type: 3}
--- !u!1001 &2054146530481431208
PrefabInstance:
  m_ObjectHideFlags: 0
  serializedVersion: 2
  m_Modification:
    m_TransformParent: {fileID: 0}
    m_Modifications:
    - target: {fileID: 2054146529133969217, guid: 19d756a20d7a5b24aba0843dd6509570,
        type: 3}
      propertyPath: m_Name
      value: EnvironmentAdvanced
      objectReference: {fileID: 0}
    - target: {fileID: 2054146529133969218, guid: 19d756a20d7a5b24aba0843dd6509570,
        type: 3}
      propertyPath: m_RootOrder
      value: 1
      objectReference: {fileID: 0}
    - target: {fileID: 2054146529133969218, guid: 19d756a20d7a5b24aba0843dd6509570,
        type: 3}
      propertyPath: m_LocalPosition.x
      value: 0
      objectReference: {fileID: 0}
    - target: {fileID: 2054146529133969218, guid: 19d756a20d7a5b24aba0843dd6509570,
        type: 3}
      propertyPath: m_LocalPosition.y
      value: 0
      objectReference: {fileID: 0}
    - target: {fileID: 2054146529133969218, guid: 19d756a20d7a5b24aba0843dd6509570,
        type: 3}
      propertyPath: m_LocalPosition.z
      value: 0
      objectReference: {fileID: 0}
    - target: {fileID: 2054146529133969218, guid: 19d756a20d7a5b24aba0843dd6509570,
        type: 3}
      propertyPath: m_LocalRotation.w
      value: 1
      objectReference: {fileID: 0}
    - target: {fileID: 2054146529133969218, guid: 19d756a20d7a5b24aba0843dd6509570,
        type: 3}
      propertyPath: m_LocalRotation.x
      value: 0
      objectReference: {fileID: 0}
    - target: {fileID: 2054146529133969218, guid: 19d756a20d7a5b24aba0843dd6509570,
        type: 3}
      propertyPath: m_LocalRotation.y
      value: 0
      objectReference: {fileID: 0}
    - target: {fileID: 2054146529133969218, guid: 19d756a20d7a5b24aba0843dd6509570,
        type: 3}
      propertyPath: m_LocalRotation.z
      value: 0
      objectReference: {fileID: 0}
    - target: {fileID: 2054146529133969218, guid: 19d756a20d7a5b24aba0843dd6509570,
        type: 3}
      propertyPath: m_LocalEulerAnglesHint.x
      value: 0
      objectReference: {fileID: 0}
    - target: {fileID: 2054146529133969218, guid: 19d756a20d7a5b24aba0843dd6509570,
        type: 3}
      propertyPath: m_LocalEulerAnglesHint.y
      value: 0
      objectReference: {fileID: 0}
    - target: {fileID: 2054146529133969218, guid: 19d756a20d7a5b24aba0843dd6509570,
        type: 3}
      propertyPath: m_LocalEulerAnglesHint.z
      value: 0
      objectReference: {fileID: 0}
    - target: {fileID: 2054146529380970385, guid: 19d756a20d7a5b24aba0843dd6509570,
        type: 3}
      propertyPath: far clip plane
      value: 50
      objectReference: {fileID: 0}
    - target: {fileID: 2054146529380970385, guid: 19d756a20d7a5b24aba0843dd6509570,
        type: 3}
      propertyPath: near clip plane
      value: 0
      objectReference: {fileID: 0}
    - target: {fileID: 2054146529380970399, guid: 19d756a20d7a5b24aba0843dd6509570,
        type: 3}
      propertyPath: m_IsActive
      value: 1
      objectReference: {fileID: 0}
    m_RemovedComponents: []
  m_SourcePrefab: {fileID: 100100000, guid: 19d756a20d7a5b24aba0843dd6509570, type: 3}
--- !u!4 &2054146530481431209 stripped
Transform:
  m_CorrespondingSourceObject: {fileID: 2054146529133969218, guid: 19d756a20d7a5b24aba0843dd6509570,
    type: 3}
  m_PrefabInstance: {fileID: 2054146530481431208}
  m_PrefabAsset: {fileID: 0}
